http://www.cmsoft.com.br/opencl-tutorial/case-study-high-performance-convolution-using-opencl-__local-memory/
https://www.evl.uic.edu/kreda/gpu/image-convolution/
http://webvision.med.utah.edu/book/part-ix-psychophysics-of-vision/the-primary-visual-cortex/