@ARTICLE{basab,
    author={Bhattacharya, B.S. and Furber, S.B.},
    journal={Neural Networks, IEEE Transactions on},
    title={Biologically Inspired Means for Rank-Order Encoding Images: A Quantitative Analysis},
    year={2010},
    volume={21},
    number={7},
    pages={1087-1099},
    doi={10.1109/TNN.2010.2048339},
    ISSN={1045-9227},}

@article{rat-slam,
  author = {Milford, Mj and Wyeth, Gf and Prasser, D},
  doi = {10.1109/ROBOT.2004.1307183},
  file = {:opt/references/slam/RatSLAM --- c37593.pdf:pdf},
  isbn = {0780382323},
  issn = {1050-4729},
  journal = {Robotics and Automation, \ldots},
  keywords = {hippocampus,mobile robot,slam},
  number = {May 2004},
  pages = {403--408},
  title = {{RatSLAM: a hippocampal model for simultaneous localization and mapping}},
  year = {2004}
}