
@article{carver-mead,
  title = "A silicon model of early visual processing ",
  journal = "Neural Networks ",
  volume = "1",
  number = "1",
  pages = "91 - 97",
  year = "1988",
  note = "",
  issn = "0893-6080",
  doi = "10.1016/0893-6080(88)90024-X",
  //url = "http://www.sciencedirect.com/science/article/pii/089360808890024X",
  author = "Carver A. Mead and M.A. Mahowald",
}



@ARTICLE{aer-retina-bernabe,
  author={Leñero-Bardallo, J.A. and Serrano-Gotarredona, T. and Linares-Barranco, B.},
  journal={Circuits and Systems I: Regular Papers, IEEE Transactions on},
  title={A Five-Decade Dynamic-Range Ambient-Light-Independent Calibrated Signed-Spatial-Contrast AER Retina With 0.1-ms Latency and Optional Time-to-First-Spike Mode},
  year={2010},
  month={Oct},
  volume={57},
  number={10},
  pages={2632-2643},
  doi={10.1109/TCSI.2010.2046971},
  ISSN={1549-8328},}


@ARTICLE{dvs-zurich,
  author={Lichtsteiner, P. and Posch, C. and Delbruck, T.},
  journal={Solid-State Circuits, IEEE Journal of},
  title={A 128 x 128 120 dB 15 us Latency Asynchronous Temporal Contrast Vision Sensor},
  year={2008},
  month={Feb},
  volume={43},
  number={2},
  pages={566-576},
  doi={10.1109/JSSC.2007.914337},
  ISSN={0018-9200},}


@article{virtual-retina,
  year={2009},
  issn={0929-5313},
  journal={Journal of Computational Neuroscience},
  volume={26},
  number={2},
  doi={10.1007/s10827-008-0108-4},
  title={Virtual Retina: A biological retina model and simulator, with contrast gain control},
  //url={http://dx.doi.org/10.1007/s10827-008-0108-4},
  publisher={Springer US},
  keywords={Large-scale retina simulator; Contrast gain control; Spikes; Conductances},
  author={Wohrer, Adrien and Kornprobst, Pierre},
  pages={219-249},
  language={English}
}



@book{wulf-retina,
  author = {Wulf, Matthias},
  title = {On Modeling the Spatiotemporal Processing Characteristics of the Retina: [what Is the Retina For?]},
  note = {PhD, Universität Hamburg},
  date = {2002},
  year = {2002},
  editor = {Berlin : Akad. Verl.-Ges. Aka, 2002.}
}

@book{munshi2011opencl,
  title={OpenCL Programming Guide},
  author={Munshi, A. and Gaster, B. and Mattson, T.G. and Ginsburg, D.},
  isbn={9780132594554},
  series={OpenGL},
  year={2011},
  publisher={Pearson Education}
}

@article{field-sensory-coding,
  author = {Field, David J.},
  title = {What is the Goal of Sensory Coding?},
  journal = {Neural Comput.},
  issue_date = {July 1994},
  volume = {6},
  number = {4},
  month = jul,
  year = {1994},
  issn = {0899-7667},
  pages = {559--601},
  numpages = {43},
  //url = {http://dx.doi.org/10.1162/neco.1994.6.4.559},
  doi = {10.1162/neco.1994.6.4.559},
  acmid = {188136},
  publisher = {MIT Press},
  address = {Cambridge, MA, USA},
} 

@inproceedings{basab-model,
  author = {Sen, Basabdatta and Furber, Steve},
  title = {Evaluating Rank-order Code Performance Using a Biologically-derived Retinal Model},
  booktitle = {Proceedings of the 2009 International Joint Conference on Neural Networks},
  series = {IJCNN'09},
  year = {2009},
  isbn = {978-1-4244-3549-4},
  location = {Atlanta, Georgia, USA},
  pages = {1835--1842},
  numpages = {8},
  //url = {http://dl.acm.org/citation.cfm?id=1704175.1704440},
  acmid = {1704440},
  publisher = {IEEE Press},
  address = {Piscataway, NJ, USA},
} 

@article{van-rullen-rate-coding,
  title={Rate Coding Versus Temporal Order Coding: What the Retinal Ganglion Cells Tell the Visual Cortex},
  author={Van Rullen, Rufin and Thorpe, Simon J},
  journal={Neural computation},
  volume={13},
  number={6},
  pages={1255--1283},
  year={2001},
  publisher={MIT Press}
}

@thesis{basab-thesis,
    author = {Sen, Basabdatta},
    title = {Information Recovery From Rank-Order Encoded Images},
    type = {Doctor of Philosophy Thesis},
    institution = {Faculty of Engineering and Physical Sciences, University of Manchester},
    date = {2008},
    year = {2008},
}

@article{thorpe-rate-coding-theory,
    title = {Rate coding versus temporal order coding: a theoretical approach },
    journal = {Biosystems },
    volume = {48},
    number = {1–3},
    pages = {57 - 65},
    year = {1998},
    issn = {0303-2647},
    doi = {10.1016/S0303-2647(98)00050-1},
//url = {http://www.sciencedirect.com/science/article/pii/S0303264798000501},
    author = {Jacques Gautrais and Simon Thorpe},
}

@article{thorpe-spike-rapid-processing,
    title = {Spike-based strategies for rapid processing},
    journal = {Neural Networks},
    volume = {14},
    number = {6–7},
    pages = {715 - 725},
    year = {2001},
    issn = {0893-6080},
    doi = {10.1016/S0893-6080(01)00083-1},
//url = {http://www.sciencedirect.com/science/article/pii/S0893608001000831},
    author = {Simon Thorpe and Arnaud Delorme and Rufin Van Rullen},
}

@online{webvision,
    author = {Kolb, Helga},
    editor = {Moran Eye Center},
    title = {Simple Anatomy of the Retina},
    date = {2015},
    year = {2015},
    url = {http://webvision.med.utah.edu/book/part-i-foundations/simple-anatomy-of-the-retina/},
    organization = {Webvision},
    
    
}
@online{webvision-midget,
    author = {Kolb, Helga},
    editor = {Moran Eye Center},
    title = {Midget Pathways of the Primate Retina Underlie Resolution and Red Green Color Opponency},
    date = {2015},
    year = {2015},
    url = {http://webvision.med.utah.edu/book/part-iii-retinal-circuits/midget-pathways-of-the-primate-retina-underly-resolution/},
    organization = {Webvision},
}

@online{cmsoft-opencl,
    author = {www.cmsoft.com.br},
    title = {Case study: High performance convolution using OpenCL \_\_local memory},
    date = {2015},
    url = {http://www.cmsoft.com.br/opencl-tutorial/},
    year = {2015},
}


@online{reda-opencl,
    author = {Reda, Khairi},
    title = {A study of OpenCL image convolution optimization},
    date = {2012},
    url = {https://www.evl.uic.edu/kreda/gpu/image-convolution/},
    year = {2012},
}

@online{tiled-convolution,
    author= {AMD},
    date = {2015}, 
    title = {Tiled Convolution: Fast Image Filtering},
    url = {http://developer.amd.com/resources/documentation-articles/articles-whitepapers/tiled-convolution-fast-image-filtering/},
    year = {2015},
}

@online{cuda,
  title={CUDA programming guide},
  date={2015},
  url={http://docs.nvidia.com/cuda/cuda-c-programming-guide/index.html}
}

@inproceedings{buck2004brook,
  title={Brook for GPUs: stream computing on graphics hardware},
  author={Buck, Ian and Foley, Tim and Horn, Daniel and Sugerman, Jeremy and Fatahalian, Kayvon and Houston, Mike and Hanrahan, Pat},
  booktitle={ACM Transactions on Graphics (TOG)},
  volume={23},
  number={3},
  pages={777--786},
  year={2004},
  organization={ACM}
}

@online{opencl,
  title={OpenCL homepage},
  date={2015},
  url={https://www.khronos.org/opencl/}
}

@online{focal-code,
  title={OpenCL-based implementation of the FoCal encoder},
  date={2015},
  url={https://github.com/chanokin/fovpitCL}
}

@online{pydvs-code,
  title={OpenCL-based implementation of DVS emulator},
  date={2015},
  url={https://github.com/chanokin/pyDVS}
}