@ARTICLE{scholarpedia-brain,
AUTHOR = {Braitenberg, V. },
TITLE   = {{B}rain},
YEAR = {2007},
JOURNAL = {Scholarpedia},
VOLUME  = {2},
NUMBER  = {11},
PAGES   = {2918},
}
@book{thompson2000brain,
  title={The Brain: A Neuroscience Primer},
  author={Thompson, R.F.},
  isbn={9780716732266},
  lccn={99462367},
  url={https://books.google.co.uk/books?id=PPAaU1cQUPsC},
  year={2000},
  publisher={Worth Publishers}
}

@article{lateralization,
  author = {Nielsen, Jared A. AND Zielinski, Brandon A. AND Ferguson, Michael A. AND Lainhart, Janet E. AND Anderson, Jeffrey S.},
  journal = {PLoS ONE},
  publisher = {Public Library of Science},
  title = {An Evaluation of the Left-Brain vs. Right-Brain Hypothesis with Resting State Functional Connectivity Magnetic Resonance Imaging},
  year = {2013},
  month = {08},
  volume = {8},
  url = {http://dx.doi.org/10.1371%2Fjournal.pone.0071275},
  pages = {e71275},
  number = {8},
  doi = {10.1371/journal.pone.0071275}
}        



@book{eye-brain-vision-hubel1995,
  title={Eye, brain, and vision},
  author={Hubel, David H and Wensveen, Janice and Wick, Bruce},
  year={1995},
  publisher={Scientific American Library New York}
}

@online{cervantes-images,
  author = {Centro Virtual Cervantes},
  title = {Images of neurons from: Ramón y Cajal. Recuerdos de mi vida.},
  date = {2015},
  url = {http://cvc.cervantes.es/ciencia/cajal/cajal_recuerdos/recuerdos/laminas.htm},
}

@ARTICLE{Nemri:2010,
  AUTHOR = {Nemri, A. },
  TITLE   = {{S}antiago {R}amón y {C}ajal},
  YEAR	= {2010},
  JOURNAL	= {Scholarpedia},
  VOLUME  = {5},
  NUMBER  = {12},
  PAGES   = {8577},
}

@article{Bullock04112005,
  author = {Bullock, Theodore H. and Bennett, Michael V. L. and Johnston, Daniel and Josephson, Robert and Marder, Eve and Fields, R. Douglas}, 
  title = {The Neuron Doctrine, Redux},
  volume = {310}, 
  number = {5749}, 
  pages = {791-793}, 
  year = {2005}, 
  doi = {10.1126/science.1114394}, 
  URL = {http://www.sciencemag.org/content/310/5749/791.short}, 
  eprint = {http://www.sciencemag.org/content/310/5749/791.full.pdf}, 
  journal = {Science} 
}

@Article{gap-junctions-pmid20066080,
  Author="Goodenough, D. A.  and Paul, D. L. ",
  Title="{{G}ap junctions}",
  Journal="Cold Spring Harb Perspect Biol",
  Year="2009",
  Volume="1",
  Number="1",
  Pages="a002576",
  Month="Jul"
}