@online{int-perf-images,
  author = {Henk Poley},
  title = {Integer performance},
  date = {2015},
  url = {http://preshing.com/20120208/a-look-back-at-single-threaded-cpu-performance/},
  note = {https://twitter.com/HenkPoley},
}

@article{nickolls2010gpu,
  title={The GPU computing era},
  author={Nickolls, John and Dally, William J},
  journal={IEEE micro},
  number={2},
  pages={56--69},
  year={2010},
  publisher={IEEE}
}

@inproceedings{chen2009gpu,
  title={GPU technology trends and future requirements},
  author={Chen, John Y},
  booktitle={Electron Devices Meeting (IEDM), 2009 IEEE International},
  pages={1--6},
  year={2009},
  organization={IEEE}
}
