@online{wiki-images,
    author = {Webvision},
    title = {Anatomical retina imagery source, modified to fit paper.},
    date = {2015},
    url = {http://webvision.med.utah.edu/},
}

@article{carver-mead,
title = "A silicon model of early visual processing ",
journal = "Neural Networks ",
volume = "1",
number = "1",
pages = "91 - 97",
year = "1988",
note = "",
issn = "0893-6080",
doi = "10.1016/0893-6080(88)90024-X",
//url = "http://www.sciencedirect.com/science/article/pii/089360808890024X",
author = "Carver A. Mead and M.A. Mahowald",
}



@ARTICLE{aer-retina-bernabe,
    author={Leñero-Bardallo, J.A. and Serrano-Gotarredona, T. and Linares-Barranco, B.},
    journal={Circuits and Systems I: Regular Papers, IEEE Transactions on},
    title={A Five-Decade Dynamic-Range Ambient-Light-Independent Calibrated Signed-Spatial-Contrast AER Retina With 0.1-ms Latency and Optional Time-to-First-Spike Mode},
    year={2010},
    month={Oct},
    volume={57},
    number={10},
    pages={2632-2643},
    doi={10.1109/TCSI.2010.2046971},
    ISSN={1549-8328},}


@ARTICLE{dvs-zurich,
    author={Lichtsteiner, P. and Posch, C. and Delbruck, T.},
    journal={Solid-State Circuits, IEEE Journal of},
    title={A 128 x 128 120 dB 15 us Latency Asynchronous Temporal Contrast Vision Sensor},
    year={2008},
    month={Feb},
    volume={43},
    number={2},
    pages={566-576},
    doi={10.1109/JSSC.2007.914337},
    ISSN={0018-9200},}


@article{virtual-retina,
    year={2009},
    issn={0929-5313},
    journal={Journal of Computational Neuroscience},
    volume={26},
    number={2},
    doi={10.1007/s10827-008-0108-4},
    title={Virtual Retina: A biological retina model and simulator, with contrast gain control},
    //url={http://dx.doi.org/10.1007/s10827-008-0108-4},
    publisher={Springer US},
    keywords={Large-scale retina simulator; Contrast gain control; Spikes; Conductances},
    author={Wohrer, Adrien and Kornprobst, Pierre},
    pages={219-249},
    language={English}
}



@book{wulf-retina,
    author = {Wulf, Matthias},
    title = {On Modeling the Spatiotemporal Processing Characteristics of the Retina: [what Is the Retina For?]},
    note = {PhD, Universität Hamburg},
    date = {2002},
    year = {2002},
    editor = {Berlin : Akad. Verl.-Ges. Aka, 2002.}
}

@book{munshi2011opencl,
    title={OpenCL Programming Guide},
    author={Munshi, A. and Gaster, B. and Mattson, T.G. and Ginsburg, D.},
    isbn={9780132594554},
    series={OpenGL},
    year={2011},
    publisher={Pearson Education}
}

@article{field-sensory-coding,
    author = {Field, David J.},
    title = {What is the Goal of Sensory Coding?},
    journal = {Neural Comput.},
    issue_date = {July 1994},
    volume = {6},
    number = {4},
    month = jul,
    year = {1994},
    issn = {0899-7667},
    pages = {559--601},
    numpages = {43},
    //url = {http://dx.doi.org/10.1162/neco.1994.6.4.559},
    doi = {10.1162/neco.1994.6.4.559},
    acmid = {188136},
    publisher = {MIT Press},
    address = {Cambridge, MA, USA},
} 

@inproceedings{basab-model,
    author = {Sen, Basabdatta and Furber, Steve},
    title = {Evaluating Rank-order Code Performance Using a Biologically-derived Retinal Model},
    booktitle = {Proceedings of the 2009 International Joint Conference on Neural Networks},
    series = {IJCNN'09},
    year = {2009},
    isbn = {978-1-4244-3549-4},
    location = {Atlanta, Georgia, USA},
    pages = {1835--1842},
    numpages = {8},
    //url = {http://dl.acm.org/citation.cfm?id=1704175.1704440},
    acmid = {1704440},
    publisher = {IEEE Press},
    address = {Piscataway, NJ, USA},
} 

@article{van-rullen-rate-coding,
    title={Rate Coding Versus Temporal Order Coding: What the Retinal Ganglion Cells Tell the Visual Cortex},
    author={Van Rullen, Rufin and Thorpe, Simon J},
    journal={Neural computation},
    volume={13},
    number={6},
    pages={1255--1283},
    year={2001},
    publisher={MIT Press}
}


@inproceedings{spinnaker-review,
    author = {Rast, Alexander D. and Jin, Xin and Galluppi, Francesco and Plana, Luis A. and Patterson, Cameron and Furber, Steve},
    title = {Scalable Event-driven Native Parallel Processing: The SpiNNaker Neuromimetic System},
    booktitle = {Proceedings of the 7th ACM International Conference on Computing Frontiers},
    series = {CF '10},
    year = {2010},
    isbn = {978-1-4503-0044-5},
    location = {Bertinoro, Italy},
    pages = {21--30},
    numpages = {10},
    //url = {http://doi.acm.org/10.1145/1787275.1787279},
    doi = {10.1145/1787275.1787279},
    acmid = {1787279},
    publisher = {ACM},
    address = {New York, NY, USA},
    keywords = {asynchronous, event-driven, universal neural processor},
}

@article{furber2013overview,
  title={Overview of the spinnaker system architecture},
  author={Furber, Steve B and Lester, David R and Plana, Luis A and Garside, Jim D and Painkras, Eustace and Temple, Steve and Brown, Andrew D},
  journal={Computers, IEEE Transactions on},
  volume={62},
  number={12},
  pages={2454--2467},
  year={2013},
  publisher={IEEE}
}



@thesis{basab-thesis,
    author = {Sen, Basabdatta},
    title = {Information Recovery From Rank-Order Encoded Images},
    type = {Doctor of Philosophy Thesis},
    institution = {Faculty of Engineering and Physical Sciences, University of Manchester},
    date = {2008},
    year = {2008},
}

@article{thorpe-rate-coding-theory,
    title = {Rate coding versus temporal order coding: a theoretical approach },
    journal = {Biosystems },
    volume = {48},
    number = {1–3},
    pages = {57 - 65},
    year = {1998},
    issn = {0303-2647},
    doi = {10.1016/S0303-2647(98)00050-1},
//url = {http://www.sciencedirect.com/science/article/pii/S0303264798000501},
    author = {Jacques Gautrais and Simon Thorpe},
}

@article{thorpe-spike-rapid-processing,
    title = {Spike-based strategies for rapid processing},
    journal = {Neural Networks},
    volume = {14},
    number = {6–7},
    pages = {715 - 725},
    year = {2001},
    issn = {0893-6080},
    doi = {10.1016/S0893-6080(01)00083-1},
//url = {http://www.sciencedirect.com/science/article/pii/S0893608001000831},
    author = {Simon Thorpe and Arnaud Delorme and Rufin Van Rullen},
}

@online{webvision,
    author = {Kolb, Helga},
    editor = {Moran Eye Center},
    title = {Simple Anatomy of the Retina},
    date = {2015},
    year = {2015},
    url = {http://webvision.med.utah.edu/book/part-i-foundations/simple-anatomy-of-the-retina/},
    organization = {Webvision},
    
    
}
@online{webvision-midget,
    author = {Kolb, Helga},
    editor = {Moran Eye Center},
    title = {Midget Pathways of the Primate Retina Underlie Resolution and Red Green Color Opponency},
    date = {2015},
    year = {2015},
    url = {http://webvision.med.utah.edu/book/part-iii-retinal-circuits/midget-pathways-of-the-primate-retina-underly-resolution/},
    organization = {Webvision},
}

@online{cmsoft-opencl,
    author = {www.cmsoft.com.br},
    title = {Case study: High performance convolution using OpenCL \_\_local memory},
    date = {2015},
    url = {http://www.cmsoft.com.br/opencl-tutorial/},
    year = {2015},
}


@online{reda-opencl,
    author = {Reda, Khairi},
    title = {A study of OpenCL image convolution optimization},
    date = {2012},
    url = {https://www.evl.uic.edu/kreda/gpu/image-convolution/},
    year = {2012},
}

@online{tiled-convolution,
    author= {AMD},
    date = {2015}, 
    title = {Tiled Convolution: Fast Image Filtering},
    url = {http://developer.amd.com/resources/documentation-articles/articles-whitepapers/tiled-convolution-fast-image-filtering/},
    year = {2015},
}

//retina hardware
@INPROCEEDINGS{4145833,
  author={Nagy, Z. and Voroshazi, Z. and Szolgay, Peter},
  booktitle={Cellular Neural Networks and Their Applications, 2006. CNNA '06. 10th International Workshop on},
  title={A Real-time Mammalian Retina Model Implementation on FPGA},
  year={2006},
  month={Aug},
  pages={1-1},
  keywords={Application software;Cameras;Cellular neural networks;Displays;Field programmable gate arrays;Image processing;Laboratories;Partial differential equations;Retina;Very large scale integration;CNN-UM;FPGA;Retina Model},
  doi={10.1109/CNNA.2006.341593},}

@INPROCEEDINGS{1465812,
  author={Balya, D. and Roska, B.},
  booktitle={Circuits and Systems, 2005. ISCAS 2005. IEEE International Symposium on},
  title={Retina model with real time implementation},
  year={2005},
  month={May},
  pages={5222-5225 Vol. 5},
  keywords={cellular neural nets;eye;video signal processing;Bi-I stand-alone system;cellular nonlinear network;channel on-line control;channels spatial-temporal error;neuromorphic models;on-line parameter changing;retina model algorithmic skeleton;retina model real time implementation;video real time retina channels;Cellular neural networks;Computational modeling;Information technology;Neuromorphics;Neurons;Packaging;Power system modeling;Real time systems;Retina;Skeleton},
  doi={10.1109/ISCAS.2005.1465812},}


@MISC{Vogelstein07amultichip,
  author = {R. Jacob Vogelstein and Udayan Mallik and Eugenio Culurciello and Gert Cauwenberghs and Ralph Etienne-Cummings},
  title = {A Multichip Neuromorphic System for Spike-based Visual Information Processing},
  year = {2007}
}