@article{Weikersdorfer2014,
author = {Weikersdorfer, David and Adrian, David B and Cremers, Daniel},
doi = {10.1109/ICRA.2014.6906882},
file = {:opt/references/sensor-fusion/Event-based 3D SLAM with a depth-augmented dynamic vision sensor.pdf:pdf},
isbn = {9781479936847},
issn = {10504729},
journal = {2014 IEEE International Conference on Robotics and Automation},
pages = {359--364},
title = {{Event-based 3D SLAM with a depth-augmented dynamic vision sensor}},
year = {2014}
}
