@article{deep-nets-hinton2006fast,
  title={A fast learning algorithm for deep belief nets},
  author={Hinton, Geoffrey E and Osindero, Simon and Teh, Yee-Whye},
  journal={Neural computation},
  volume={18},
  number={7},
  pages={1527--1554},
  year={2006},
  publisher={MIT Press}
}

@inproceedings{krizhevsky2012imagenet,
  title={Imagenet classification with deep convolutional neural networks},
  author={Krizhevsky, Alex and Sutskever, Ilya and Hinton, Geoffrey E},
  booktitle={Advances in neural information processing systems},
  pages={1097--1105},
  year={2012}
}

@article{lowe2004distinctive,
  title={Distinctive image features from scale-invariant keypoints},
  author={Lowe, David G},
  journal={International journal of computer vision},
  volume={60},
  number={2},
  pages={91--110},
  year={2004},
  publisher={Springer}
}

@inproceedings{lowe1999object,
  title={Object recognition from local scale-invariant features},
  author={Lowe, David G},
  booktitle={Computer vision, 1999. The proceedings of the seventh IEEE international conference on},
  volume={2},
  pages={1150--1157},
  year={1999},
  organization={Ieee}
}

@inproceedings{alahi2012freak,
  title={Freak: Fast retina keypoint},
  author={Alahi, Alexandre and Ortiz, Raphael and Vandergheynst, Pierre},
  booktitle={Computer Vision and Pattern Recognition (CVPR), 2012 IEEE Conference on},
  pages={510--517},
  year={2012},
  organization={Ieee}
}

@online{webvision-gross-eye,
  author = {Kolb, Helga},
  editor = {WebVision, Moran Eye Center},
  title = {Gross anatomy of the eye},
  date = {2015},
  url = {http://webvision.med.utah.edu/book/part-i-foundations/gross-anatomy-of-the-ey/},
}

@online{webvision-simple-retina,
  author = {Kolb, Helga},
  editor = {WebVision, Moran Eye Center},
  title = {Simple anatomy of the retina},
  date = {2015},
  url = {http://webvision.med.utah.edu/book/part-i-foundations/simple-anatomy-of-the-retina/},
}